% "Artificial intelligence in weather prediction"
% "Machine learning in meteorology"
% "Weather forecasting with machine learning"
% "Numerical weather prediction and machine learning"
% "Weather forecasting using data science"
% "Weather prediction models and artificial intelligence"
% "Artificial intelligence and atmospheric science"
% "Data mining for weather prediction"
% "Climate modeling and machine learning"

% You can also search for specific algorithms or techniques 
% commonly used in machine learning for weather prediction, 
% such as deep learning, neural networks, decision trees, or 
% support vector machines. Additionally, searching for specific 
% datasets or sources of weather data (such as satellite or radar data) 
% can also be helpful. 

@article{something,
  title={Something old, something new: A longitudinal study of search behavior and new product introduction},
  author={Katila, Riitta and Ahuja, Gautam},
  journal={Academy of management journal},
  volume={45},
  number={6},
  pages={1183--1194},
  year={2002},
  publisher={Academy of Management Briarcliff Manor, NY 10510}
}

